01REMESSA01COBRANCA       40010000093457      TOP PROTECAO                  004B  DO NORDESTE 270718                                                                                                                                                                                                                                                                                                      000001
1                18000000183997050000                     56540001255800000000002011150000000000000        4015654      20111500000000012000041800 01N161115000000000000000002011150000000000000000000000000000000000000000100009191332400THIAGO HENRIQUE PEQUENO DA SILVA        RUA CAPITAO LIMA, RECIFE, PERNAMBUCO                00054100JABOATAO       PEMENSAGEM TESTE                          990000002
1                18000000183997050000                     56540001255800000000002011150000000000000        4015654      20111500000000012000041800 01N161115000000000000000002011150000000000000000000000000000000000000000100009191332400THIAGO HENRIQUE PEQUENO DA SILVA        RUA CAPITAO LIMA, RECIFE, PERNAMBUCO                00054100JABOATAO       PEMENSAGEM TESTE                          990000003
9                                                                                                                                                                                                                                                                                                                                                                                                         000004