01REMESSA01COBRANCA       40010000093457      TOP PROTECAO                  004B  DO NORDESTE 270718                                                                                                                                                                                                                                                                                                      000001
1                1800000018399705    0000001                  0000010800000000000000000000000000000        4010000001   20111500000000012000041800 01N161115000000000000000000000000000000000000000000000000000000000000000100009191332400THIAGO HENRIQUE PEQUENO DA SILVA        RUA PADRE ROMA, 343                                 00054100JABOATAO       PENAO ACEITAR APOS VENCIMENTO             990000002
1                1800000018399705    0000001                  0000010800000000000000000000000000000        4010000001   20111500000000012000041800 01N161115000000000000000000000000000000000000000000000000000000000000000100009191332400THIAGO HENRIQUE PEQUENO DA SILVA        RUA PADRE ROMA, 343                                 00054100JABOATAO       PENAO ACEITAR APOS VENCIMENTO             990000003
1                1800000018399705    0000001                  0000010800000000000000000000000000000        4010000001   20111500000000012000041800 01N161115000000000000000000000000000000000000000000000000000000000000000100009191332400THIAGO HENRIQUE PEQUENO DA SILVA        RUA PADRE ROMA, 343                                 00054100JABOATAO       PENAO ACEITAR APOS VENCIMENTO             990000004
1                1800000018399705    0000001                  0000010800000000000000000000000000000        4010000001   20111500000000012000041800 01N161115000000000000000000000000000000000000000000000000000000000000000100009191332400THIAGO HENRIQUE PEQUENO DA SILVA        RUA PADRE ROMA, 343                                 00054100JABOATAO       PENAO ACEITAR APOS VENCIMENTO             990000005
1                1800000018399705    0000001                  0000010800000000000000000000000000000        4010000001   20111500000000012000041800 01N161115000000000000000000000000000000000000000000000000000000000000000100009191332400THIAGO HENRIQUE PEQUENO DA SILVA        RUA PADRE ROMA, 343                                 00054100JABOATAO       PENAO ACEITAR APOS VENCIMENTO             990000006
9                                                                                                                                                                                                                                                                                                                                                                                                         000007