01REMESSA01COBRANCA       YYYY00XXXXXXXW      LAYOUT REMESSA TESTE          004B  DO NORDESTE 010115031                                                                                                                                                                                                                                                                                                   000001
1                YYYY00XXXXXXXW00    0000001                  0000000100000000000000000000000000000        401SEUNUMERO 01011599999999999990040250 01N0112150015000000000000000000000000000000000000000000000000000000000002CPF/CNPJXXXXXXEMPRESA TESTE   LAYOUT  LTDA            RUA TESTE XXXX XXXXXX000A SN                        49090100ARACAJU        SE                                        990000002
1                YYYY00XXXXXXXW00    0000002                  0000000200000000000000000000000000000        401SEUNUMERO 01011588888888888880040250 01N0112150015000000000000000000000000000000000000000000000000000000000002CPF/CNPJXXXXXXEMPRESA TESTE   LAYOUT  LTDA            RUA TESTE XXXX XXXXXX000A SN                        49400000LAGARTO        SE                                        990000003
9                                                                                                                                                                                                                                                                                                                                                                                                         000004
